@report{salesforce,
    author = {Salesforce},
    title  = {The Power of Personalized Shopping},
    url    = {https://www.salesforce.com/form/commerce/power-of-personalized-shopping}
}

@report{mckinsey,
    author = {McKinsey},
    title  = {How Retailers Can Keep Up with Consumers},
    url    = {https://www.mckinsey.com/industries/retail/our-insights/how-retailers-can-keep-up-with-consumers}
}

@report{thenewspk,
    author = {The News Pakistan},
    title  = {Pakistani Fashion Industry has Great Potential},
    url    = {https://www.thenews.com.pk/print/450217-pakistani-fashion-industry-has-great-potential}
}

@report{commerce360,
    author = {Digital Commerce 360},
    title  = {US millennials now do most of their shopping online},
    url    = {https://www.digitalcommerce360.com/2019/03/26/millennials-online-shopping/}
}

@report{emarketer,
    author = {eMarketer},
    title  = {Millennials Make More Apparel Purchases than Other Generations},
    url    = {https://www.emarketer.com/content/millennials-make-more-apparel-purchases-than-other-generations}
}

@inproceedings{DeepFashion,
 author = {Liu, Ziwei and Luo, Ping and Qiu, Shi and Wang, Xiaogang and Tang, Xiaoou},
 title = {DeepFashion: Powering Robust Clothes Recognition and Retrieval with Rich Annotations},
 booktitle = {Proceedings of IEEE Conference on Computer Vision and Pattern Recognition (CVPR)},
 month = {June},
 year = {2016} 
 }

@report{paperone,
    author  = {P. Tangseng, K. Yamaguchi, and T. Okatani},
    title   = {Recommending Outfits from Personal Closet},
    url     = {https://arxiv.org/pdf/1804.09979.pdf}
}

@report{papertwo,
    author  = {He, Tong, and Yang Hu},
    title   = {FashionNet: Personalized Outfit Recommendation with Deep Neural Network},
    url     = {https://arxiv.org/pdf/1810.02443.pdf}
}

@report{paperseven, 
    author  = {Y. Hu, X. Yi, and L. S. Davis},
    title   = {Collaborative fashion recommendation: A functional tensor factorization approach},
    url     = {http://delivery.acm.org/10.1145/2810000/2806239/p129-hu.pdf}
}

@report{paper3,
    author  = {Z. Liu and P. Luo and S. Qiu and X. Wang and X. Tang},
    title   = {DeepFashion: Powering Robust Clothes Recognition and Retrieval with Rich Annotations},
    url     = {https://www.cv-foundation.org/openaccess/content_cvpr_2016/papers/Liu_DeepFashion_Powering_Robust_CVPR_2016_paper.pdf}
}

@report{paper4,
    author  = {A. Veit and B. Kovacs and S. Bell and J. McAuley and K. Bala and S. Belongie},
    title   = {Learning visual clothing style with heterogeneous dyadic co-occurrences},
    url     = {https://www.cv-foundation.org/openaccess/content_iccv_2015/papers/Veit_Learning_Visual_Clothing_ICCV_2015_paper.pdf}
}

@report{paper5,
    author  = {J. McAuley and C. Targett and Q. Shi and A. van den Hengel},
    title   = {Image-based recommendations on styles and substitutes},
    url     = {https://arxiv.org/pdf/1506.04757.pdf}
}

@report{resnet,
    author  = {Kaiming He and Xiangyu Zhang and Shaoqing Ren and Jian Sun},
    title   = {Deep Residual Learning for Image Recognition},
    url     = {https://arxiv.org/pdf/1512.03385.pdf}
}

@report{deepfashion,
    author  = {Ziwei Liu and Ping Luo and Shi Qiu and Xiaogang Wang and Xiaoou Tang},
    title   = {DeepFashion: Powering Robust Clothes Recognition and Retrieval with Rich Annotations},
    url     = {https://www.cv-foundation.org/openaccess/content_cvpr_2016/papers/Liu_DeepFashion_Powering_Robust_CVPR_2016_paper.pdf}
}

@report{matchnet,
    author  = {Xufeng Han and Thomas Leung and Yangqing Jia and Rahul Sukthankar and Alexander C. Berg},
    title   = {MatchNet: Unifying Feature and Metric Learning for Patch-Based Matching},
    url     = {https://www.cv-foundation.org/openaccess/content_cvpr_2015/papers/Han_MatchNet_Unifying_Feature_2015_CVPR_paper.pdf}
}
